<?xml version="1.0" encoding="UTF-8"?><collection xmlns="http://www.loc.gov/MARC21/slim"><record><leader>00438nam--2200169-i-4500</leader><controlfield tag="001">000007024</controlfield><controlfield tag="002">20161230</controlfield><controlfield tag="005">20170121214157</controlfield><controlfield tag="008">060222s1000------------r-----000-0-eng-d</controlfield><datafield ind1=" " ind2=" " tag="100"><subfield code="a">Adam, J</subfield></datafield><datafield ind1=" " ind2=" " tag="245"><subfield code="a">Stabilite des plasmas obtenus dans e.p.p.e</subfield></datafield><datafield ind1=" " ind2=" " tag="260"><subfield code="a">Fontenay Aux Roses</subfield><subfield code="b">Centre D Etudes Nucl</subfield><subfield code="c">1964</subfield></datafield><datafield ind1=" " ind2=" " tag="300"><subfield code="a">9 p. + 10 Figuri</subfield></datafield><datafield ind1=" " ind2=" " tag="490"><subfield code="a">2713</subfield></datafield><datafield ind1=" " ind2=" " tag="700"><subfield code="a">Torossian, A</subfield></datafield><datafield ind1=" " ind2=" " tag="852"><subfield code="a">13455</subfield></datafield><datafield ind1=" " ind2=" " tag="CAT"><subfield code="a">SYS</subfield><subfield code="c">20170121</subfield><subfield code="h">214157</subfield></datafield></record></collection>